<record xmlns='http://www.loc.gov/MARC21/slim'><leader>01902nam a2200445u  4500</leader><controlfield tag='005'>20180315155808.0</controlfield><controlfield tag='008'>040727s1924    gw       d    000 0 ger d</controlfield><controlfield tag='001'>991002054239703811</controlfield><datafield ind1=' ' ind2=' ' tag='010'><subfield code='a'>38008409</subfield></datafield><datafield ind1=' ' ind2=' ' tag='035'><subfield code='a'>(PPT)b27485043-01tuli_inst</subfield></datafield><datafield ind1=' ' ind2=' ' tag='035'><subfield code='a'>ocn490406678</subfield><subfield code='9'>ExL</subfield></datafield><datafield ind1=' ' ind2=' ' tag='035'><subfield code='a'>MRC09128356 </subfield></datafield><datafield ind1=' ' ind2=' ' tag='035'><subfield code='a'>ocm03621643</subfield></datafield><datafield ind1=' ' ind2=' ' tag='035'><subfield code='a'>(OCLC)ocm03621643</subfield></datafield><datafield ind1=' ' ind2=' ' tag='040'><subfield code='c'>MvI</subfield></datafield><datafield ind1=' ' ind2=' ' tag='079'><subfield code='a'>ocm03621643</subfield></datafield><datafield ind1=' ' ind2=' ' tag='090'><subfield code='a'>PJ5037</subfield><subfield code='b'>.L5 1924a</subfield></datafield><datafield ind1='1' ind2=' ' tag='100'><subfield code='a'>Levy, Jacob,</subfield><subfield code='d'>1819-1892.</subfield></datafield><datafield ind1='1' ind2='0' tag='245'><subfield code='a'>Wörterbuch über die Talmudim und Midraschim /</subfield><subfield code='c'>nebst beiträgen von Heinrich Leberecht Fleischer.</subfield></datafield><datafield ind1=' ' ind2=' ' tag='250'><subfield code='a'>2. aufl. /</subfield><subfield code='b'>mit nachträgen und berichtigungen von Lazarus Goldschmidt ...</subfield></datafield><datafield ind1=' ' ind2=' ' tag='260'><subfield code='a'>Berlin ;</subfield><subfield code='a'>Wien :</subfield><subfield code='b'>B. Harz,</subfield><subfield code='c'>1924.</subfield></datafield><datafield ind1=' ' ind2=' ' tag='300'><subfield code='a'>4 v. ;</subfield><subfield code='c'>28 1/2 cm.</subfield></datafield><datafield ind1=' ' ind2=' ' tag='500'><subfield code='a'>First edition (Leipzig, 1876-89) published under title : Neuhebräisches und chaldäisches wörterbuch über die Talmudim und Midraschim.</subfield></datafield><datafield ind1=' ' ind2=' ' tag='500'><subfield code='a'>&quot;Verzeichniss der agadisch gedeuteten oder sonst eigenthümlich erklärten und angewedeten Bibelstellen. Zusammengestellt von ... August Wünsche&quot; : 4, [691]-708.  &quot;Verzeichniss sämmtlicher grösserer übersetzter stellen. Zusammengestellt von ... August Wünsche&quot; : v. 4, p. [709]-748.</subfield></datafield><datafield ind1=' ' ind2='0' tag='650'><subfield code='a'>Hebrew language</subfield><subfield code='v'>Dictionaries</subfield><subfield code='x'>German.</subfield></datafield><datafield ind1=' ' ind2='0' tag='650'><subfield code='a'>Aramaic language</subfield><subfield code='v'>Dictionaries</subfield><subfield code='x'>German.</subfield></datafield><datafield ind1='0' ind2='0' tag='630'><subfield code='a'>Talmud</subfield><subfield code='v'>Dictionaries.</subfield></datafield><datafield ind1=' ' ind2='0' tag='650'><subfield code='a'>Midrash</subfield><subfield code='v'>Dictionaries.</subfield></datafield><datafield ind1='1' ind2=' ' tag='700'><subfield code='a'>Fleischer, Heinrich Leberecht,</subfield><subfield code='d'>1801-1888.</subfield></datafield><datafield ind1='1' ind2=' ' tag='700'><subfield code='a'>Wünsche, Aug.</subfield><subfield code='q'>(August),</subfield><subfield code='d'>1838?-1913.</subfield></datafield><datafield ind1='1' ind2=' ' tag='700'><subfield code='a'>Goldschmidt, Lazarus,</subfield><subfield code='d'>1871-1950.</subfield></datafield><datafield ind1=' ' ind2=' ' tag='902'><subfield code='a'>MARCIVE RECON PROJECT</subfield></datafield><datafield ind1=' ' ind2=' ' tag='902'><subfield code='a'>PJ5037</subfield><subfield code='b'>.L5 1924a</subfield></datafield><datafield ind1=' ' ind2=' ' tag='907'><subfield code='a'>.b27485043</subfield><subfield code='b'>p    </subfield><subfield code='c'>-</subfield></datafield><datafield ind1=' ' ind2=' ' tag='945'><subfield code='l'>pstk </subfield><subfield code='u'>v.v.1</subfield><subfield code='g'>1</subfield></datafield><datafield ind1=' ' ind2=' ' tag='945'><subfield code='l'>pstk </subfield><subfield code='u'>v.v.2</subfield><subfield code='g'>1</subfield></datafield><datafield ind1=' ' ind2=' ' tag='945'><subfield code='l'>pstk </subfield><subfield code='u'>v.v.3</subfield><subfield code='g'>1</subfield></datafield><datafield ind1=' ' ind2=' ' tag='945'><subfield code='l'>pstk </subfield><subfield code='u'>v.v.4</subfield><subfield code='g'>1</subfield></datafield><datafield ind1=' ' ind2=' ' tag='979'><subfield code='a'>ocm03621643</subfield></datafield><datafield ind1=' ' ind2=' ' tag='998'><subfield code='b'>4</subfield><subfield code='c'>040904</subfield><subfield code='d'>m</subfield><subfield code='e'>a</subfield><subfield code='f'>-</subfield><subfield code='g'>0</subfield></datafield><datafield ind1=' ' ind2=' ' tag='ADM'><subfield code='b'>2018-06-18 14:16:49</subfield><subfield code='e'>b27485043-01tuli_inst</subfield><subfield code='d'>ILS</subfield><subfield code='a'>2017-06-20 06:31:39</subfield><subfield code='c'>false</subfield></datafield><datafield ind1='0' ind2=' ' tag='HLD'><subfield code='b'>ASRS</subfield><subfield code='c'>ASRS_TEST</subfield><subfield code='h'>  PJ5037  </subfield><subfield code='i'>  .L5 1924a  </subfield><subfield code='8'>22454038080003811</subfield><subfield code='updated'>2019-04-09 16:58:04</subfield><subfield code='created'>2017-06-20 06:31:39</subfield></datafield><datafield ind1=' ' ind2=' ' tag='ITM'><subfield code='r'>22454038080003811</subfield><subfield code='b'>1</subfield><subfield code='h'>0</subfield><subfield code='g'>ASRS_TEST</subfield><subfield code='t'>BOOK</subfield><subfield code='9'>39074012947032</subfield><subfield code='e'>ASRS_TEST</subfield><subfield code='8'>23249413050003811</subfield><subfield code='a'>0</subfield><subfield code='i'>PJ5037 .L5 1924a</subfield><subfield code='updated'>2019-04-09 16:58:27</subfield><subfield code='c'>v.1</subfield><subfield code='q'>2017-06-20 06:31:39</subfield><subfield code='d'>ASRS</subfield><subfield code='f'>ASRS</subfield></datafield><datafield ind1=' ' ind2=' ' tag='ITM'><subfield code='r'>22454038080003811</subfield><subfield code='b'>1</subfield><subfield code='h'>0</subfield><subfield code='g'>ASRS_TEST</subfield><subfield code='t'>BOOK</subfield><subfield code='9'>39074012947131</subfield><subfield code='e'>ASRS_TEST</subfield><subfield code='8'>23249413010003811</subfield><subfield code='a'>0</subfield><subfield code='i'>PJ5037 .L5 1924a</subfield><subfield code='updated'>2019-04-09 16:58:27</subfield><subfield code='c'>v.3</subfield><subfield code='q'>2017-06-20 06:31:39</subfield><subfield code='d'>ASRS</subfield><subfield code='f'>ASRS</subfield></datafield><datafield ind1=' ' ind2=' ' tag='ITM'><subfield code='r'>22454038080003811</subfield><subfield code='b'>1</subfield><subfield code='h'>0</subfield><subfield code='g'>ASRS_TEST</subfield><subfield code='t'>BOOK</subfield><subfield code='9'>39074012947180</subfield><subfield code='e'>ASRS_TEST</subfield><subfield code='8'>23249413000003811</subfield><subfield code='a'>0</subfield><subfield code='i'>PJ5037 .L5 1924a</subfield><subfield code='updated'>2019-04-09 16:58:28</subfield><subfield code='c'>v.4</subfield><subfield code='q'>2017-06-20 06:31:39</subfield><subfield code='d'>ASRS</subfield><subfield code='f'>ASRS</subfield></datafield><datafield ind1=' ' ind2=' ' tag='ITM'><subfield code='r'>22454038080003811</subfield><subfield code='b'>1</subfield><subfield code='h'>0</subfield><subfield code='g'>ASRS_TEST</subfield><subfield code='t'>BOOK</subfield><subfield code='9'>39074012947081</subfield><subfield code='e'>ASRS_TEST</subfield><subfield code='8'>23249413020003811</subfield><subfield code='a'>0</subfield><subfield code='i'>PJ5037 .L5 1924a</subfield><subfield code='updated'>2019-04-09 16:58:28</subfield><subfield code='c'>v.2</subfield><subfield code='q'>2017-06-20 06:31:39</subfield><subfield code='d'>ASRS</subfield><subfield code='f'>ASRS</subfield></datafield></record>